@Book{discretization_oppenheim,
 author = {Alan V. Oppenheim, Ronald W. Schafer, with John R. Buck},
 title = {Discrete-time signal processing},
 publisher = {Prentice Hall},
 year = {1999},
 isbn = {0-13-754920-2}
 }
@Article{sampling_nyquist,
 author={H. Nyquist},
 journal={Transactions of the American Institute of Electrical Engineers},
 title={Certain Topics in Telegraph Transmission Theory},
 year={1928},
 volume={47},
 number={2},
 pages={617-644},
 keywords={Telegraphy;Steady-state;Frequency conversion;Circuits;Costs;Distortion;Shape;Interference;Equalizers;Telephony},
 doi={10.1109/T-AIEE.1928.5055024},
 ISSN={0096-3860},
}
