@article{sampling_nyquist,
	author={H. Nyquist},
	journal={Journal of the A.I.E.E.},
	title={Abridgment of certain topics in telegraph transmission theory},
	year={1928},
	volume={47},
	number={3},
	pages={214-217},
	keywords={},
	doi={10.1109/JAIEE.1928.6538024},
	ISSN={0095-9804},
	month={March},
}
@article{sampling_shannon,
	author={C. E. Shannon},
	journal={Proceedings of the IRE},
	title={Communication in the Presence of Noise},
	year={1949},
	volume={37},
	number={1},
	pages={10-21},
	keywords={Electron tubes;Voltage;Bandwidth;Circuits;Shape;Klystrons;Frequency measurement;Gain measurement;Communication systems;Telephony},
	doi={10.1109/JRPROC.1949.232969},
	ISSN={0096-8390},
	month={Jan}
}
